{
  "leader": "03740cam a22005411i 4500",
  "fields": [
    {
      "001": "ocm00252441\\"
    },
    {
      "003": "OCoLC"
    },
    {
      "005": "20220630174804.0"
    },
    {
      "008": "720229t19661967nyua\\\\\\\\\\b\\\\\\\\001\\0\\eng\\\\"
    },
    {
      "010": {
        "ind1": "\\",
        "ind2": "\\",
        "subfields": [
          {
            "a": "   66027541 "
          }
        ]
      }
    },
    {
      "040": {
        "ind1": "\\",
        "ind2": "\\",
        "subfields": [
          {
            "a": "DLC"
          },
          {
            "b": "eng"
          },
          {
            "c": "CSU"
          },
          {
            "d": "DLC"
          },
          {
            "d": "MUQ"
          },
          {
            "d": "BTCTA"
          },
          {
            "d": "BDX"
          },
          {
            "d": "EZN"
          },
          {
            "d": "OCLCF"
          },
          {
            "d": "OCLCQ"
          },
          {
            "d": "UCDLL"
          },
          {
            "d": "OCLCO"
          },
          {
            "d": "VYT"
          },
          {
            "d": "MTH"
          },
          {
            "d": "OCLCO"
          },
          {
            "d": "VGM"
          },
          {
            "d": "OCLCO"
          },
          {
            "d": "ICN"
          },
          {
            "d": "OCLCO"
          },
          {
            "d": "RCE"
          },
          {
            "d": "OCLCO"
          },
          {
            "d": "OCLCA"
          },
          {
            "d": "CCH"
          },
          {
            "d": "OCLCO"
          },
          {
            "d": "GZL"
          },
          {
            "d": "OCLCA"
          },
          {
            "d": "MST"
          },
          {
            "d": "OCLCO"
          },
          {
            "d": "TFW"
          },
          {
            "d": "MRM"
          },
          {
            "d": "NJR"
          },
          {
            "d": "OCLCO"
          },
          {
            "d": "OCLCA"
          },
          {
            "d": "OCL"
          },
          {
            "d": "OCLCO"
          }
        ]
      }
    },
    {
      "019": {
        "ind1": "\\",
        "ind2": "\\",
        "subfields": [
          {
            "a": "222980173"
          }
        ]
      }
    },
    {
      "035": {
        "ind1": "\\",
        "ind2": "\\",
        "subfields": [
          {
            "a": "(OCoLC)252441"
          },
          {
            "z": "(OCoLC)222980173"
          }
        ]
      }
    },
    {
      "050": {
        "ind1": "0",
        "ind2": "0",
        "subfields": [
          {
            "a": "K487.S3"
          },
          {
            "b": "L42 1966"
          }
        ]
      }
    },
    {
      "082": {
        "ind1": "0",
        "ind2": "4",
        "subfields": [
          {
            "a": "340"
          },
          {
            "b": "JON"
          }
        ]
      }
    },
    {
      "096": {
        "ind1": "\\",
        "ind2": "\\",
        "subfields": [
          {
            "a": "KF 4270 L3 1966"
          }
        ]
      }
    },
    {
      "245": {
        "ind1": "0",
        "ind2": "0",
        "subfields": [
          {
            "a": "Law and the social role of science /"
          },
          {
            "c": "edited by Harry W. Jones."
          }
        ]
      }
    },
    {
      "260": {
        "ind1": "\\",
        "ind2": "\\",
        "subfields": [
          {
            "a": "New York [N.Y.] :"
          },
          {
            "b": "Rockefeller University Press,"
          },
          {
            "c": "1966 [\u00a91967]"
          }
        ]
      }
    },
    {
      "300": {
        "ind1": "\\",
        "ind2": "\\",
        "subfields": [
          {
            "a": "242 pages :"
          },
          {
            "b": "illustrations ;"
          },
          {
            "c": "25 cm"
          }
        ]
      }
    },
    {
      "336": {
        "ind1": "\\",
        "ind2": "\\",
        "subfields": [
          {
            "a": "text"
          },
          {
            "b": "txt"
          },
          {
            "2": "rdacontent"
          }
        ]
      }
    },
    {
      "337": {
        "ind1": "\\",
        "ind2": "\\",
        "subfields": [
          {
            "a": "unmediated"
          },
          {
            "b": "n"
          },
          {
            "2": "rdamedia"
          }
        ]
      }
    },
    {
      "338": {
        "ind1": "\\",
        "ind2": "\\",
        "subfields": [
          {
            "a": "volume"
          },
          {
            "b": "nc"
          },
          {
            "2": "rdacarrier"
          }
        ]
      }
    },
    {
      "500": {
        "ind1": "\\",
        "ind2": "\\",
        "subfields": [
          {
            "a": "\"Based on the proceedings of a conference under the auspices of the Rockefeller University and the Walter E. Meyer Research Institute of Law.\""
          }
        ]
      }
    },
    {
      "504": {
        "ind1": "\\",
        "ind2": "\\",
        "subfields": [
          {
            "a": "\"Literature of the law-science confrontation [by] Morris leaves Cohen ... [and] Betty J. Warner\": pages [134]-201."
          }
        ]
      }
    },
    {
      "504": {
        "ind1": "\\",
        "ind2": "\\",
        "subfields": [
          {
            "a": "Includes bibliographical references and index."
          }
        ]
      }
    },
    {
      "505": {
        "ind1": "0",
        "ind2": "\\",
        "subfields": [
          {
            "a": "I. Where law and science meet -- Law and science: some points of confrontation / David F. Cavers -- Law and research supported by government / Arthur W. Murphy -- Federal tax policy and the support of science / Bernard Wolfman -- Project research and the universities / Joe H. Munster, Jr. and Justin C. Smith -- Restrictions on the use of animals and persons in scientific research / Ovid C. Lewis -- II. Towards interdisciplinary understanding -- Colleagueship in law and science / John Gorham Palfrey -- Privacy and behavioral research / Oscar M. Ruebhausen and Orville G. Brim, Jr. -- The interrelationships of law and social science / Leonard S. Cottrell, Jr. -- Legal inquiry and the methods of science / Harry W. Jones -- III. Literature of the law-science confrontation -- Literature of the law-science confrontation / Morris L. Cohen and Betty J. Warner -- Law and science: general considerations -- Science and the adjudicatory function of law -- Scientific developments leading to the reexamination of legal doctrines -- Legal control of hazards to public health and safety -- The role of law and government in relation to scientific research -- The effect of scientific developments in international relations and international law -- Science aiding the administration and study of the legal system."
          }
        ]
      }
    },
    {
      "520": {
        "ind1": "\\",
        "ind2": "\\",
        "subfields": [
          {
            "a": "\"Based on the proceedings of a conference under the auspices of the Rockefeller University and the Walter E. Meyer Research Institute of Law.\""
          }
        ]
      }
    },
    {
      "650": {
        "ind1": "\\",
        "ind2": "0",
        "subfields": [
          {
            "a": "Science and law."
          }
        ]
      }
    },
    {
      "650": {
        "ind1": "\\",
        "ind2": "0",
        "subfields": [
          {
            "a": "Science"
          },
          {
            "x": "Social aspects."
          }
        ]
      }
    },
    {
      "650": {
        "ind1": "\\",
        "ind2": "0",
        "subfields": [
          {
            "a": "Jurisprudence."
          }
        ]
      }
    },
    {
      "650": {
        "ind1": "\\",
        "ind2": "0",
        "subfields": [
          {
            "a": "Science."
          }
        ]
      }
    },
    {
      "650": {
        "ind1": "\\",
        "ind2": "2",
        "subfields": [
          {
            "a": "Legislation."
          }
        ]
      }
    },
    {
      "650": {
        "ind1": "\\",
        "ind2": "2",
        "subfields": [
          {
            "a": "Science"
          }
        ]
      }
    },
    {
      "650": {
        "ind1": "\\",
        "ind2": "2",
        "subfields": [
          {
            "a": "Jurisprudence"
          }
        ]
      }
    },
    {
      "650": {
        "ind1": "\\",
        "ind2": "7",
        "subfields": [
          {
            "a": "Jurisprudence."
          },
          {
            "2": "fast"
          },
          {
            "0": "(OCoLC)fst00985043"
          }
        ]
      }
    },
    {
      "650": {
        "ind1": "\\",
        "ind2": "7",
        "subfields": [
          {
            "a": "Science and law."
          },
          {
            "2": "fast"
          },
          {
            "0": "(OCoLC)fst01108529"
          }
        ]
      }
    },
    {
      "650": {
        "ind1": "\\",
        "ind2": "7",
        "subfields": [
          {
            "a": "Science"
          },
          {
            "x": "Social aspects."
          },
          {
            "2": "fast"
          },
          {
            "0": "(OCoLC)fst01108360"
          }
        ]
      }
    },
    {
      "655": {
        "ind1": "\\",
        "ind2": "2",
        "subfields": [
          {
            "a": "Congress"
          }
        ]
      }
    },
    {
      "655": {
        "ind1": "\\",
        "ind2": "7",
        "subfields": [
          {
            "a": "Conference papers and proceedings."
          },
          {
            "2": "fast"
          },
          {
            "0": "(OCoLC)fst01423772"
          }
        ]
      }
    },
    {
      "655": {
        "ind1": "\\",
        "ind2": "7",
        "subfields": [
          {
            "a": "Conference papers and proceedings."
          },
          {
            "2": "lcgft"
          }
        ]
      }
    },
    {
      "700": {
        "ind1": "1",
        "ind2": "\\",
        "subfields": [
          {
            "a": "Jones, Harry Willmer."
          }
        ]
      }
    },
    {
      "700": {
        "ind1": "1",
        "ind2": "\\",
        "subfields": [
          {
            "a": "Cohen, Morris L.,"
          },
          {
            "d": "1927-2010."
          }
        ]
      }
    },
    {
      "710": {
        "ind1": "2",
        "ind2": "\\",
        "subfields": [
          {
            "a": "Rockefeller University."
          }
        ]
      }
    },
    {
      "710": {
        "ind1": "2",
        "ind2": "\\",
        "subfields": [
          {
            "a": "Walter E. Meyer Research Institute of Law."
          }
        ]
      }
    },
    {
      "776": {
        "ind1": "0",
        "ind2": "8",
        "subfields": [
          {
            "i": "Online version:"
          },
          {
            "t": "Law and the social role of science."
          },
          {
            "d": "New York [N.Y.] : Rockefeller University Press, 1966 [\u00a91967]"
          },
          {
            "w": "(OCoLC)608137677"
          }
        ]
      }
    },
    {
      "994": {
        "ind1": "\\",
        "ind2": "\\",
        "subfields": [
          {
            "a": "Z0"
          },
          {
            "b": "NYRVC"
          }
        ]
      }
    },
    {
      "948": {
        "ind1": "\\",
        "ind2": "\\",
        "subfields": [
          {
            "h": "NO HOLDINGS IN NYRVC - 335 OTHER HOLDINGS"
          }
        ]
      }
    },
    {
      "999": {
        "ind1": "\\",
        "ind2": "\\",
        "subfields": [
          {
            "a": "00000000019558"
          }
        ]
      }
    }
  ]
}